<?xml version="1.0" encoding="UTF-8"?>
<record xmlns="http://www.loc.gov/MARC21/slim">
   <leader>00905cam a2200229 a 4500</leader>
   <controlfield tag="001">1245978</controlfield>
   <controlfield tag="003">NjP</controlfield>
   <controlfield tag="005">20100809114934.0</controlfield>
   <controlfield tag="008">830325s1946    ua       b    001 0 ara d</controlfield>
   <datafield tag="024" ind1="7" ind2=" ">
      <subfield code="a">princeton_aco005014</subfield>
      <subfield code="2">local</subfield>
   </datafield>
   <datafield ind1=" " ind2=" " tag="035">
      <subfield code="a">(OCoLC)ocm09346762</subfield>
   </datafield>
   <datafield ind1=" " ind2=" " tag="035">
      <subfield code="9">CDN8051TS</subfield>
   </datafield>
   <datafield ind1=" " ind2=" " tag="040">
      <subfield code="a">IXA</subfield>
      <subfield code="c">IXA</subfield>
      <subfield code="d">PUL</subfield>
   </datafield>
   <datafield ind1="1" ind2=" " tag="100">
      <subfield code="a">ʻAbd al-Wahhāb, Ḥasan.</subfield>
   </datafield>
   <datafield ind1="1" ind2="0" tag="245">
      <subfield code="a">Tārīkh al-masājid al-atharīyah allatī ṣallá fīhā farīḍat al-Jumʻah Ḥaḍrat Ṣāḥib al-Jalālah al-Malik al-Ṣāliḥ Fārūq al-Awwal /</subfield>
      <subfield code="c">Taʾlīf Ḥasan ʻAbd al-Wahhāb.</subfield>
   </datafield>
   <datafield ind1=" " ind2=" " tag="260">
      <subfield code="a">Cairo :</subfield>
      <subfield code="b">Maṭbaʻat Dār al-Kutub al-Miṣrīyah,</subfield>
      <subfield code="c">1946.</subfield>
   </datafield>
   <datafield ind1=" " ind2=" " tag="300">
      <subfield code="a">2 v. in 1.</subfield>
      <subfield code="b">ill., port. ;</subfield>
      <subfield code="c">28 cm.</subfield>
   </datafield>
   <datafield ind1=" " ind2=" " tag="504">
      <subfield code="a">Bibliography: v. 1, p. 391-399.</subfield>
   </datafield>
   <datafield ind1=" " ind2=" " tag="504">
      <subfield code="a">Includes indexes.</subfield>
   </datafield>
   <datafield ind1=" " ind2=" " tag="500">
      <subfield code="a">Title and text in Arabic.</subfield>
   </datafield>
   <datafield ind1=" " ind2="0" tag="650">
      <subfield code="a">Mosques</subfield>
      <subfield code="z">Egypt</subfield>
      <subfield code="z">Cairo.</subfield>
   </datafield>
   <datafield ind1=" " ind2=" " tag="947">
      <subfield code="a">CDN8051</subfield>
   </datafield>
   <datafield ind1=" " ind2=" " tag="911">
      <subfield code="a">20000130</subfield>
   </datafield>
   <datafield ind1="0" ind2="0" tag="852">
      <subfield code="0">1427706</subfield>
      <subfield code="b">nec</subfield>
      <subfield code="t">0</subfield>
      <subfield code="h">NA4670</subfield>
      <subfield code="i">.H73 1946</subfield>
   </datafield>
   <datafield ind1=" " ind2=" " tag="959">
      <subfield code="a">2000-06-13 00:00:00 -0400</subfield>
   </datafield>
</record>
